% This file was created with JabRef 2.10b2.
% Encoding: ISO8859_1



@Misc{latex,
organization = {Wikibooks},
org-short = {{ONU BR}},
title   ={{\LaTeX\/Presentations}},
url = {https://en.wikibooks.org/wiki/LaTeX/Presentations},
urlaccessdate = {2022-06-21},
year = "s.d.",
}

@book{Tolkien,
author = {Tolkien, J. J. R.},
publisher = {Editora Martins Fontes},
title = {{O Senhor dos Anéis: A Sociedade do Anel}},
translator = {Lenita Maria Rímoli Esteves},
edition = {5},
address = {SP},
year = {2002},
}

@article{Mori,
author = {Mori, Lapo F.},
year = {2009},
title = {Managing bibliographies with LATEX},
volume = {30},
number = {1},
journal = {TUGboat},
}
